<collection xmlns="http://www.loc.gov/MARC21/slim">
    <record>
        <controlfield tag="001">18</controlfield>
        <controlfield tag="005">20170629111510.0</controlfield>
        <datafield tag="041" ind1="0" ind2="7">
            <subfield code="a">cze</subfield>
        </datafield>
        <datafield tag="046" ind1=" " ind2=" ">
            <subfield code="k">2006-05-23</subfield>
            <subfield code="j">2012-04-30</subfield>
        </datafield>
        <datafield tag="245" ind1="0" ind2="0">
            <subfield code="a">Ecolabelling - tržně orientovaný nástroj</subfield>
        </datafield>
        <datafield tag="260" ind1=" " ind2=" ">
            <subfield code="b">Vysoká škola ekonomická v Praze</subfield>
        </datafield>
        <datafield tag="502" ind1=" " ind2=" ">
            <subfield code="a">2006-06-13</subfield>
            <subfield code="b">Ing.</subfield>
            <subfield code="c">Vysoká škola ekonomická v Praze</subfield>
            <subfield code="g">Magisterský studijní program</subfield>
        </datafield>
        <datafield tag="520" ind1=" " ind2=" ">
            <subfield code="a">Seznámení se dvěma systémy environmentálního značení v ČR (Ekologicky šetrné výrobky a
                Produkty ekologického zemědělství) a jejich vzájemné srovnání. Výsledky průzkumu provedeného mezi
                spotřebiteli o jejich informovanosti ohledně těchto značení. Několik návrhů vhodných pro větší rozvoj
                trhu s Ekologicky šetrnými výrobky.
            </subfield>
            <subfield code="9">cze</subfield>
        </datafield>
        <datafield tag="650" ind1="1" ind2="7">
            <subfield code="a">politika životního prostředí</subfield>
            <subfield code="j">environmental policy</subfield>
            <subfield code="0">http://psh.ntkcz.cz/skos/PSH13943</subfield>
            <subfield code="2">PSH</subfield>
        </datafield>
        <datafield tag="650" ind1="1" ind2="7">
            <subfield code="a">výrobky</subfield>
            <subfield code="j">products</subfield>
            <subfield code="0">http://psh.ntkcz.cz/skos/PSH8088</subfield>
            <subfield code="2">PSH</subfield>
        </datafield>
        <datafield tag="653" ind1=" " ind2=" ">
            <subfield code="a">ekologicky šetrný výrobek</subfield>
        </datafield>
        <datafield tag="653" ind1=" " ind2=" ">
            <subfield code="a">environmentální značení</subfield>
        </datafield>
        <datafield tag="653" ind1=" " ind2=" ">
            <subfield code="a">environmentální politika</subfield>
        </datafield>
        <datafield tag="656" ind1=" " ind2="7">
            <subfield code="a">Hospodářská politika a správa/Národní hospodářství</subfield>
        </datafield>
        <datafield tag="720" ind1=" " ind2=" ">
            <subfield code="a">Vyklická, Lucie</subfield>
        </datafield>
        <datafield tag="720" ind1=" " ind2=" ">
            <subfield code="i">Šauer, Petr</subfield>
            <subfield code="e">advisor</subfield>
        </datafield>
        <datafield tag="720" ind1=" " ind2=" ">
            <subfield code="i">Fišerová, Alena</subfield>
            <subfield code="e">referee</subfield>
        </datafield>
        <datafield tag="856" ind1="4" ind2="0">
            <subfield code="u">http://www.vse.cz/vskp/eid/23</subfield>
            <subfield code="z">Odkaz na původní záznam</subfield>
        </datafield>
        <datafield tag="856" ind1="4" ind2="0">
            <subfield code="u">http://www.nusl.cz/ntk/nusl-18</subfield>
            <subfield code="z">PID NUŠL</subfield>
        </datafield>
        <datafield tag="909" ind1="C" ind2="O">
            <subfield code="o">oai:invenio.nusl.cz:18</subfield>
            <subfield code="p">etds</subfield>
            <subfield code="p">openaire</subfield>
            <subfield code="p">global</subfield>
            <subfield code="p">opengrey</subfield>
            <subfield code="p">licensed</subfield>
        </datafield>
        <datafield tag="980" ind1=" " ind2=" ">
            <subfield code="a">diplomove_prace</subfield>
        </datafield>
        <datafield tag="996" ind1=" " ind2=" ">
            <subfield code="a">Dostupné v digitálním repozitáři VŠE.</subfield>
            <subfield code="b">Available in the digital repository of the University of Economics, Prague.</subfield>
            <subfield code="9">1</subfield>
        </datafield>
        <datafield tag="998" ind1=" " ind2=" ">
            <subfield code="a">vysoka_skola_ekonomicka_v_praze</subfield>
        </datafield>
    </record>
</collection>